<?xml version="1.0" encoding="UTF-8"?><collection xmlns="http://www.loc.gov/MARC21/slim"><record><leader>00498nam--2200145-i-4500</leader><controlfield tag="001">000044423</controlfield><controlfield tag="002">20161230</controlfield><controlfield tag="005">20161230201044</controlfield><controlfield tag="008">060222s1000------------r-----000-0-eng-d</controlfield><datafield ind1=" " ind2=" " tag="080"><subfield code="a">517.555</subfield></datafield><datafield ind1=" " ind2=" " tag="245"><subfield code="a">Pure and applied mathematics. vol.210: a unified signal algebra approach to two-dimensional parallel digital signal processing</subfield></datafield><datafield ind1=" " ind2=" " tag="260"><subfield code="a">New York, Marcel Dekker, 1998, 290p</subfield></datafield><datafield ind1=" " ind2=" " tag="490"><subfield code="a">A Series Of Monographs And Textbooks</subfield></datafield><datafield ind1=" " ind2=" " tag="700"><subfield code="a">Alotto,A.D.,Giardina,Charlesr.,Luo,Hua</subfield></datafield><datafield ind1=" " ind2=" " tag="852"><subfield code="a">13669</subfield></datafield></record></collection>